@Book{zipf:1949,
  Title                    = {Human behavior and the principle of least effort},
  Author                   = {George Zipf},
  Publisher                  = {Addison-Wesley Press},
  Year                     = {1949},
}

@InCollection{horn:1984,
  Title                    = {Toward a new taxonomy for pragmatic inference: {Q}-based and {R}-based implicature},
  Author                   = {Laurence R. Horn},
  Booktitle                = {Meaning, Form and Use in Context},
  Publisher                = {Georgetown University Press},
  Year                     = {1984},
  Address                  = {Washington},
  Editor                   = {D. Schiffrin},
  Pages                    = {11 -- 42},
}

@article{clark+wilkes-gibbs:1986,
	year = 1986,
	publisher = {Elsevier {BV}},
	volume = {22},
	number = {1},
	pages = {1--39},
	author = {Herbert H. Clark and Deanna Wilkes-Gibbs},
	title = {Referring as a collaborative process},
	journal = {Cognition}
}


@incollection{traugott:2004,
  title={Historical Pragmatics},
  author={Traugott, Elizabeth Closs},
  booktitle={The Handbook of Pragmatics},
  Editor = {Laurence R. Horn and Gregory Wand},
  year={2004},
  publisher={Blackwell Publishing},
  pages = {538--561}
}

@Book{gazdar:1979,
  title={Pragmatics, Implicature, Presuposition and Logical Form},
  author={Gazdar, Gerald},
  year={1979},
  Address={New York},
  Publisher = {Academic Press}
}


@article{kirby+etal:2015,
  title={Compression and communication in the cultural evolution of linguistic structure},
  author={Kirby, Simon and Tamariz, Monica and Cornish, Hannah and Smith, Kenny},
  journal={Cognition},
  volume={141},
  pages={87--102},
  year={2015},
  publisher={Elsevier}
}

@book{benz+etal:2005,
  title={Game theory and pragmatics},
  Editor={Benz, Anton and J{\"a}ger, Gerhard and Van Rooij, Robert and Van Rooij, Robert},
  year={2005},
  publisher={Springer}
}

@article{Bergen+etal:2016, 
author = {Bergen, Leon and Levy, Roger and Goodman, Noah D},
journal = {Semantics and Pragmatics}, 
title = {Pragmatic Reasoning through Semantic Inference},
year = {2016} 
}

@article{deNeys+schaeken:2007,
	year = 2007,
	publisher = {Hogrefe {\&} Huber},
	volume = {54},
	number = {2},
	pages = {128--133},
	author = {Wim De Neys and Walter Schaeken},
	title = {When People Are More Logical Under Cognitive Load},
	journal = {Experimental Psychology}
}

@article{huang+snedeker:2009,
	year = 2009,
	publisher = {Elsevier {BV}},
	volume = {58},
	number = {3},
	pages = {376--415},
	author = {Yi Ting Huang and Jesse Snedeker},
	title = {Online interpretation of scalar quantifiers: Insight into the semantics{\textendash}pragmatics interface},
	journal = {Cognitive Psychology}
}

@book{steels:2015,
  title={The Talking Heads experiment: Origins of words and meanings},
  author={Steels, Luc},
  year={2015},
  publisher={Language Science Press}
}


@article{tamariz+kirby:2016,
	year = 2016,
	publisher = {Elsevier {BV}},
	volume = {8},
	pages = {37--43},
	author = {Monica Tamariz and Simon Kirby},
	title = {The cultural evolution of language},
	journal = {Current Opinion in Psychology}
}

@InCollection{grice:1975,
  Title                    = {Logic and Conversation},
  Author                   = {Paul Grice},
  Booktitle                = {Studies in the Ways of Words},
  Publisher                = {Harvard University Press},
  Year                     = {1975},

  Address                  = {Cambridge, MA},
  Chapter                  = {2},
  Pages                    = {22--40}
}

@Book{horn:1972,
  Title                    = {On the Semantic Properties of Logical Operators in English},
  Author                   = {Laurence R. Horn},
  Publisher                = {Indiana University Linguistics Club},
  Year                     = {1972},
  Address                  = {Bloomington, IN}
}

@Book{gazdar:1979a,
  title={Pragmatics, Implicature, Presuposition and Logical Form},
  author={Gazdar, Gerald},
  year={1979},
  Address={New York},
  Publisher = {Academic Press}
}

@article{nowak+krakauer:1999,
	year = 1999,
	volume = {96},
	number = {14},
	pages = {8028--8033},
	author = {M. A. Nowak and D. C. Krakauer},
	title = {The evolution of language},
	journal = {Proceedings of the National Academy of Sciences}
}

@article{steels:2011,
  title={Modeling the cultural evolution of language},
  author={Steels, Luc},
  journal={Physics of Life Reviews},
  volume={8},
  number={4},
  pages={339--356},
  year={2011},
  publisher={Elsevier}
}


@article{huttegger+zollman:2013,
	year = 2013,
	volume = {64},
	number = {3},
	pages = {637--658},
	author = {S. M. Huttegger and K. J. S. Zollman},
	title = {Methodology in Biological Game Theory},
	journal = {The British Journal for the Philosophy of Science}
}

@article{hofbauer+sigmund:2003,
	year = 2003,
	volume = {40},
	number = {04},
	pages = {479--520},
	author = {Josef Hofbauer and Karl Sigmund},
	title = {Evolutionary game dynamics},
	journal = {Bulletin of the American Mathematical Society}
}

@article{piantadosi+etal:2012a,
	year = 2012,
	volume = {123},
	number = {2},
	pages = {199--217},
	author = {Steven T. Piantadosi and Joshua B. Tenenbaum and Noah D. Goodman},
	title = {Bootstrapping in a language of thought: A formal model of numerical concept learning},
	journal = {Cognition}
}

@article{frank+goodman:2012,
	year = 2012,
	publisher = {American Association for the Advancement of Science ({AAAS})},
	volume = {336},
	number = {6084},
	pages = {998--998},
	author = {M. C. Frank and N. D. Goodman},
	title = {Predicting Pragmatic Reasoning in Language Games},
	journal = {Science}
}
@Book{lewis:1969,
  Title                    = {Convention: A Philosophical Study},
  Author                   = {David Lewis},
  Publisher                = {Harvard University Press},
  Year                     = {1969},

  Address                  = {Cambridge},
}

@book{sutton+barto:1998,
 author = {Sutton, Richard S. and Barto, Andrew G.},
 title = {Introduction to Reinforcement Learning},
 year = {1998},
 publisher = {MIT Press},
 address = {Cambridge, MA, USA},
}

@book{luce:1959,
  title={Individual choice behavior: a theoretical analysis},
  author={Luce, Duncan R.},
  year={1959},
  publisher={Wiley}
}

@inproceedings{katz+etal:2008,
  title={Modeling semantic cognition as logical dimensionality reduction},
  author={Katz, Yarden and Goodman, Noah D and Kersting, Kristian and Kemp, Charles and Tenenbaum, Joshua B},
  booktitle={Proceedings of Thirtieth Annual Meeting of the Cognitive Science Society},
  year={2008}
}

@book{franke:2009,
  title= {Signal to Act: Game Theoretic Pragmatics},
  Author                   = {Michael Franke},
  publisher                   = {PhD thesis, University of Amsterdam},
  Year                     = {2009},
}

@article{franke+jaeger:2014,
  title={Pragmatic back-and-forth reasoning},
  author={Franke, Michael and J{\"a}ger, Gerhard},
  journal={Semantics, Pragmatics and the Case of Scalar Implicatures.},
  pages={170--200},
  year={2014}
}

@misc{piantadosi+etal:underreview,
	year = {under review},
	author = {Steven T. Piantadosi and Joshua B. Tenenbaum and Noah D. Goodman},
	title = {Modeling the acquisition of quantifier semantics: a case study in function word learnability},
}

@article{griffiths+kalish:2007,
	year = 2007,
	publisher = {Informa {UK} Limited},
	volume = {31},
	number = {3},
	pages = {441--480},
	author = {Thomas L. Griffiths and Michael L. Kalish},
	title = {Language Evolution by Iterated Learning With Bayesian Agents},
	journal = {Cognitive Science}
}
